  @misc{enwiki:1105760953,
  author = {{Wikipedia contributors}},
  title  = {High-speed rail in Norway --- {Wikipedia}{,} The Free Encyclopedia},
  year   = {2022},
  url    = {https://en.wikipedia.org/w/index.php?title=High-speed_rail_in_Norway&oldid=1105760953},
  note   = {[Online; accessed 11-September-2022]}
}
  
  @misc{Trainspe44:online,
  author       = {},
  title        = {Train speed 72 km / h How many revolutions per minute does a carriage wheel with a radius of 1.2 m? â€“ Univerkov},
  howpublished = {\url{https://www.univerkov.com/train-speed-72-km-h-how-many-revolutions-per-minute-does-a-carriage-wheel-with-a-radius-of-1-2-m/}},
  month        = {},
  year         = {},
  note         = {(Accessed on 09/11/2022)}
}